@Article{bib:crosby,
  title =       "Opportunities and Limits of Remote Timing Attacks",
  author =      "Scott A. Crosby and Dan S. Wallach and Rudolf H.
                 Riedi",
  journal =     "ACM Transactions on Information and System Security",
  year =        "2009",
  number =      "3",
  volume =      "12",
  bibdate =     "2009-02-02",
  bibsource =   "DBLP,
                 http://dblp.uni-trier.de/db/journals/tissec/tissec12.html#CrosbyWR09",
  URL =         "http://doi.acm.org/10.1145/1455526.1455530",
}
